% Encoding: UTF-8
@inproceedings{hajilou2012mutual,
    title        = {Mutual coupling reduction between microstrip patch antennas},
    author       = {Hajilou, Y and Hassani, HR and Rahmati, B},
    booktitle    = {2012 6th European Conference on Antennas and Propagation (EUCAP)},
    pages        = {1--4},
    year         = {2012},
    organization = {IEEE}
}

@article{lewin1960radiation,
    author  = {Lewin, L.},
    title   = {Radiation from discontinuities in stripline},
    journal = {Proc. Inst. Elect. Engr.},
    volume  = {107},
    pages   = {163-170},
    year    = {1960}
}
@article{vanderpauw1977radiation,
    author  = {van der Pauw, L. J.},
    title   = {The radiation of electromagnetic power by microstrip configurations},
    journal = {IEEE Trans. Microwave Theory Tech.},
    pages   = {719-725},
    year    = {1977}
}
@article{abouzahra1979radiation,
    author  = {Abouzahra, M. D. and Lewin, L.},
    title   = {Radiation from microstrip discontinuities},
    journal = {IEEE Trans. Microwave Theory Tech.},
    pages   = {722-723},
    year    = {1979}
}
@article{lewin1978spurious,
    author  = {Lewin, L.},
    title   = {Spurious radiation from microstrip},
    journal = {Proc. I.E.E.},
    volume  = {125},
    pages   = {633-642},
    year    = {1978}
}
@article{wheeler1965transmission,
    author  = {Wheeler, H. A.},
    title   = {Transmission line properties of parallel strips separated by a dielectric sheet},
    journal = {IEEE Trans. Microwave Theory Tech.},
    pages   = {172-185},
    year    = {1965}
}
@article{jedlicka1981measured,
    author  = {Jedlicka, R. P. and Poe, M. T. and Carver, K. R.},
    title   = {Measured mutual coupling between microstrip antennas},
    journal = {IEEE Transactions on Antennas and Propagation},
    volume  = {AP-29},
    number  = {1},
    pages   = {147-149},
    year    = {1981}
}
@article{Jedlicka1979Mutual,
    author    = {Jedlicka, R. P. and Carver, K. R.},
    title     = {Mutual coupling between microstrip antennas},
    booktitle = {Proc. Workshop Printed Ckt. Antenna Tech.},
    publisher = {New Mexico State Univ., Las Cruces},
    pages     = {4/1--19},
    year      = {1979}
}
@article{carver1981microstrip,
    author  = {Carver, K. R. and Mink, J. W.},
    title   = {Microstrip antenna technology},
    journal = {IEEE Trans. Antennas Propagat.},
    volume  = {AP-29},
    pages   = {2-24},
    year    = {1981}
}
@inproceedings{carver1979modal,
    author    = {Carver, K. R.},
    title     = {A modal expansion theory for the microstrip antenna},
    booktitle = {Dig. Int. Symp. Antennas Propagat. Soc.},
    address   = {Seattle, WA},
    pages     = {101-104},
    year      = {1979}
}

@inproceedings{nikolic2005microstrip,
    author    = {Nikolic, M. and Djordjevic, A. and Nehorai, A.},
    title     = {Microstrip antennas with suppressed radiation in horizontal directions and reduced coupling},
    booktitle = {IEEE Trans. Antennas Propag.},
    volume    = {53},
    number    = {11},
    pages     = {3469-3476},
    year      = {2005}
}
@article{chung2004high,
    author  = {Chung, Y. and Jeon, S. S. and Ahn, D. and Choi, J. L. and Itoh, T.},
    title   = {High isolation dual polarized patch antenna using integrated defected ground structure},
    journal = {IEEE Microw. Compon. Lett.},
    volume  = {14},
    number  = {1},
    pages   = {4-6},
    year    = {2004}
}
@article{bait2010mutual,
    author  = {Bait-Suwailam, M. M. and Siddiqui, O. F. and Ramahi, O. M.},
    title   = {Mutual Coupling Reduction Between Microstrip Patch Antennas Using Slotted-Complementary Split-Ring Resonators},
    journal = {IEEE Antennas Wireless Propag. Lett.},
    volume  = {9},
    pages   = {876-878},
    year    = {2010}
}
@article{radistic1998novel,
    author  = {Radistic, V. and Qian, Y. X. and Coccioli, R. and Itoh, T.},
    title   = {Novel 2-D photonic band gap structure for microstrip lines},
    journal = {IEEE Microw. Guided Wave Lett.},
    volume  = {8},
    number  = {1},
    pages   = {69-71},
    year    = {1998}
}
@inproceedings{chiau2003multiperiod,
    author    = {Chiau, C. C. and Chen, X. and Parini, C.},
    title     = {Multiperiod EBG structure for wide stopband circuit},
    booktitle = {Proc. IEE Microwave Antennas Propagation},
    volume    = {150},
    pages     = {489-492},
    year      = {2003}
}
@article{horii1999harmonic,
    author  = {Horii, Y. and Tsutsumi, M.},
    title   = {Harmonic control by photonic bandgap on microstrip patch antenna},
    journal = {IEEE Microw. Guided Wave Lett.},
    volume  = {9},
    number  = {1},
    pages   = {13-15},
    year    = {1999}
}
@article{lee2002novel,
    author  = {Lee, Y. T. and Lim, J. S. and Kim, C. S. and Ahn, D. and Nam, S.},
    title   = {A novel phase noise reduction technique in oscillators using defected ground structure},
    journal = {IEEE Microw. Compon. Lett.},
    volume  = {12},
    number  = {2},
    pages   = {39-41},
    year    = {2002}
}
@article{liu2005harmonic,
    author  = {Liu, H. and Li, Z. and Sun, X. and Mao, J.},
    title   = {Harmonic suppression with photonic bandgap and defected ground structure for a microstrip patch antenna},
    journal = {IEEE Microw. Compon. Lett.},
    volume  = {15},
    number  = {2},
    pages   = {55-56},
    year    = {2005}
}
@article{rahman2004control,
    author  = {Rahman, A. B. and Verma, A. K. and Boutejdar, A. and Omar, A. S.},
    title   = {Control of bandstop response of Hi-Lo microstrip low-pass filter using slot in ground plane},
    journal = {IEEE Trans. Microwave Theory Techn.},
    volume  = {52},
    number  = {3},
    pages   = {1008-1013},
    year    = {2004}
}
@inproceedings{yoon2004new,
    author    = {Yoon, J. S. and Kim, J. H. and Kim, D. J. and Kim, C. S. and Lee, J. S. and Ahn, D.},
    title     = {A new DGS resonator and its application to bandpass filter design},
    booktitle = {Proc. IEEE Microwave Theory Techniques-S Dig},
    pages     = {1605-1608},
    year      = {2004}
}
@article{lim2002spiral,
    author  = {Lim, J. S. and Kim, C. S. and Lee, Y. T. and Ahn, D. and Nam, S.},
    title   = {A spiral shaped defected ground structure for coplanar waveguide},
    journal = {IEEE Microw. Compon. Lett.},
    volume  = {12},
    number  = {9},
    pages   = {330-332},
    year    = {2002}
}
@article{sung2007harmonic,
    author  = {Sung, Y. J. and Kim, M. and Kim, Y. S.},
    title   = {Harmonic reduction with defected ground structure of a microstrip patch antenna},
    journal = {IEEE Antennas Wireless Propag. Lett.},
    volume  = {12},
    pages   = {39-41},
    year    = {2007}
}
@article{hamad2005controlled,
    author  = {Hamad, E. K. I. and Safwat, A. M. E. and Omar, A. S.},
    title   = {Controlled capacitance and inductance behavior of L-shaped defected ground structure for coplanar waveguide},
    journal = {IEE Microwave Antennas Propagation},
    volume  = {152},
    pages   = {299-304},
    year    = {2005}
}
@article{fu2002novel,
    author  = {Fu, Y. Q. and Yuan, N. C. and Zhang, G. H.},
    title   = {A novel fractal microstrip PBG structure},
    journal = {Microw. Opt. Technol. Lett.},
    volume  = {32},
    pages   = {136-138},
    year    = {2002}
}
@article{ghadimi2020systematic,
    title     = {A systematic approach for mutual coupling reduction between microstrip antennas using pixelization and binary optimization},
    author    = {Ghadimi, Ali and Nayyeri, Vahid and Khanjarian, Mostafa and Soleimani, Mohammad and Ramahi, Omar M},
    journal   = {IEEE Antennas and Wireless Propagation Letters},
    volume    = {19},
    number    = {12},
    pages     = {2048--2052},
    year      = {2020},
    publisher = {IEEE}
}

@article{alibakhshikenari2018antenna,
    title     = {Antenna mutual coupling suppression over wideband using embedded periphery slot for antenna arrays},
    author    = {Alibakhshikenari, Mohammad and Virdee, Bal S and Shukla, Panchamkumar and See, Chan H and Abd-Alhameed, Raed and Khalily, Mohsen and Falcone, Francisco and Limiti, Ernesto},
    journal   = {Electronics},
    volume    = {7},
    number    = {9},
    pages     = {198},
    year      = {2018},
    publisher = {MDPI}
}

@article{emadeddin2017high,
    title     = {High mutual coupling reduction between microstrip patch antennas using novel structure},
    author    = {Emadeddin, Ahmad and Shad, Saeideh and Rahimian, Zahra and Hassani, HR},
    journal   = {AEU-International Journal of Electronics and Communications},
    volume    = {71},
    pages     = {152--156},
    year      = {2017},
    publisher = {Elsevier}
}

@inproceedings{ledimo2022design,
    title        = {Design procedure of a frequency reconfigurable metasurface antenna at mmwave band},
    author       = {Ledimo, Bokamoso Kebatho and Moaro, Pako and Ramogomana, Reuben and Mosalaosi, Modisa and Basutli, Bokamoso},
    booktitle    = {Telecom},
    volume       = {3},
    number       = {2},
    pages        = {379--395},
    year         = {2022},
    organization = {MDPI}
}

@article{yang2003microstrip,
    title     = {Microstrip antennas integrated with electromagnetic band-gap (EBG) structures: A low mutual coupling design for array applications},
    author    = {Yang, Fan and Rahmat-Samii, Yahya},
    journal   = {IEEE transactions on antennas and propagation},
    volume    = {51},
    number    = {10},
    pages     = {2936--2946},
    year      = {2003},
    publisher = {IEEE}
}


@article{rahim2008electromagnetic,
    title   = {Electromagnetic band gap (EBG) structure in microwave device design},
    author  = {Rahim, Mohamad Kamal A and Ayop, O and Thelaha, M and Nazri, A and Huda, A},
    journal = {Electrical Engineering},
    year    = {2008}
}

@article{tang2020metasurface,
    title     = {A metasurface superstrate for mutual coupling reduction of large antenna arrays},
    author    = {Tang, Jiazhi and Faraz, Faizan and Chen, Xiaoming and Zhang, Qingqing and Li, Qinlong and Li, Yingsong and Zhang, Shuai},
    journal   = {IEEE Access},
    volume    = {8},
    pages     = {126859--126867},
    year      = {2020},
    publisher = {IEEE}
}

@article{ibrahim2014compact,
    title     = {Compact MIMO antenna with optimized mutual coupling reduction using DGS},
    author    = {Ibrahim, Ahmed A and Abdalla, Mahmoud A and Abdel-Rahman, Adel B and Hamed, Hesham FA},
    journal   = {International Journal of Microwave and Wireless Technologies},
    volume    = {6},
    number    = {2},
    pages     = {173--180},
    year      = {2014},
    publisher = {Cambridge University Press}
}
@Comment{jabref-meta: databaseType:bibtex;}
